@book{Topology_and_data,
	Author= {Herbert Edelsbrunner and John Harer},
	Journal = {American Mathematical Society},
	Title = {Computational Topology: An Introduction},
	year = { 2010}
}

@article{williamson1989box,
  title={The box plot: a simple visual method to interpret data},
  author={Williamson, David F and Parker, Robert A and Kendrick, Juliette S},
  journal={Annals of internal medicine},
  volume={110},
  number={11},
  pages={916--921},
  year={1989},
  publisher={American College of Physicians}
}

@misc{snapnets,
  author       = {Jure Leskovec and Andrej Krevl},
  title        = {{SNAP Datasets}: {Stanford} Large Network Dataset Collection},
  howpublished = {\url{http://snap.stanford.edu/data}},
  month        = jun,
  year         = 2014
}

 @misc{theta_2022, title={Argonne Leadership Computing Facility}, url={https://www.alcf.anl.gov/support-center/theta-gpu-nodes}, journal={Theta GPU Nodes}, author={Leadership Computing Facility, Argonne}, year={2022}} 

@inproceedings{li2005trip,
  title={On trip planning queries in spatial databases},
  author={Li, Feifei and Cheng, Dihan and Hadjieleftheriou, Marios and Kollios, George and Teng, Shang-Hua},
  booktitle={International symposium on spatial and temporal databases},
  pages={273--290},
  year={2005},
  organization={Springer}
}

@inproceedings{Aref:2015,
author = {Aref, Molham and ten Cate, Balder and Green, Todd J. and Kimelfeld, Benny and Olteanu, Dan and Pasalic, Emir and Veldhuizen, Todd L. and Washburn, Geoffrey},
title = {Design and Implementation of the LogicBlox System},
year = {2015},
isbn = {9781450327589},
publisher = {Association for Computing Machinery},
address = {New York, NY, USA},
url = {https://doi.org/10.1145/2723372.2742796},
doi = {10.1145/2723372.2742796},
booktitle = {Proceedings of the 2015 ACM SIGMOD International Conference on Management of Data},
pages = {1371â€“1382},
numpages = {12},
keywords = {logicblox, live programming, leapfrog triejoin, predictive analytics, incremental maintenance, transaction repair, datalog, logiql},
location = {Melbourne, Victoria, Australia},
series = {SIGMOD '15}
}

@article{ceri1989you,
	title={What you always wanted to know about Datalog(and never dared to ask)},
	author={Ceri, Stefano and Gottlob, Georg and Tanca, Letizia and others},
	journal={IEEE transactions on knowledge and data engineering},
	volume={1},
	number={1},
	pages={146--166},
	year={1989}
}

@book{de2012datalog,
	title={Datalog Reloaded: First International Workshop, Datalog 2010, Oxford, UK, March 16-19, 2010. Revised Selected Papers},
	author={De Moor, Oege and Gottlob, Georg and Furche, Tim and Sellers, Andrew},
	volume={6702},
	year={2012},
	publisher={Springer}
}

@inproceedings{huang2011datalog,
	title={Datalog and emerging applications: an interactive tutorial},
	author={Huang, Shan Shan and Green, Todd Jeffrey and Loo, Boon Thau},
	booktitle={Proceedings of the 2011 ACM SIGMOD International Conference on Management of data},
	pages={1213--1216},
	year={2011}
}

@book{ullman1983principles,
	title={Principles of database systems},
	author={Ullman, Jeffrey D},
	year={1983},
	publisher={Galgotia publications}
}